[
    {
        "region": "South",
        "route_id": "R001",
        "distance_km": 214,
        "vehicle_type": "Truck-Medium",
        "revenue": 11045,
        "fuel_cost": 3980,
        "toll_cost": 919,
        "driver_cost": 2385,
        "repair_cost": 958,
        "misc_cost": 379,
        "route_points": ["Chennai", "Stop1", "Coimbatore"],
        "date": "2025-02-07"
    },
    {
        "region": "West",
        "route_id": "R002",
        "distance_km": 211,
        "vehicle_type": "Truck-Large",
        "revenue": 8900,
        "fuel_cost": 3924,
        "toll_cost": 2569,
        "driver_cost": 2232,
        "repair_cost": 227,
        "misc_cost": 387,
        "route_points": ["Mumbai", "Stop2", "Jaipur"],
        "date": "2025-01-08"
    },
    {
        "region": "West",
        "route_id": "R003",
        "distance_km": 242,
        "vehicle_type": "Van-Small",
        "revenue": 14074,
        "fuel_cost": 2250,
        "toll_cost": 526,
        "driver_cost": 2554,
        "repair_cost": 363,
        "misc_cost": 457,
        "route_points": ["Pune", "Stop3", "Ahmedabad"],
        "date": "2025-06-15"
    },
    {
        "region": "East",
        "route_id": "R004",
        "distance_km": 152,
        "vehicle_type": "Van-Large",
        "revenue": 7200,
        "fuel_cost": 3534,
        "toll_cost": 2056,
        "driver_cost": 1198,
        "repair_cost": 567,
        "misc_cost": 276,
        "route_points": ["Durgapur", "Stop4", "Bhubaneswar"],
        "date": "2025-11-14"
    },
    {
        "region": "West",
        "route_id": "R005",
        "distance_km": 140,
        "vehicle_type": "Van-Medium",
        "revenue": 14209,
        "fuel_cost": 1627,
        "toll_cost": 1700,
        "driver_cost": 2698,
        "repair_cost": 843,
        "misc_cost": 416,
        "route_points": ["Jaipur", "Stop0", "Mumbai"],
        "date": "2025-02-14"
    },
    {
        "region": "North",
        "route_id": "R006",
        "distance_km": 495,
        "vehicle_type": "Truck-Medium",
        "revenue": 12000,
        "fuel_cost": 7672,
        "toll_cost": 826,
        "driver_cost": 2751,
        "repair_cost": 438,
        "misc_cost": 151,
        "route_points": ["Delhi", "Stop1", "Ambala"],
        "date": "2025-07-17"
    },
    {
        "region": "West",
        "route_id": "R007",
        "distance_km": 281,
        "vehicle_type": "Van-Large",
        "revenue": 12755,
        "fuel_cost": 5226,
        "toll_cost": 1593,
        "driver_cost": 2437,
        "repair_cost": 899,
        "misc_cost": 431,
        "route_points": ["Satara", "Stop2", "Pune"],
        "date": "2025-01-29"
    },
    {
        "region": "North",
        "route_id": "R008",
        "distance_km": 336,
        "vehicle_type": "Truck-Medium",
        "revenue": 9500,
        "fuel_cost": 4464,
        "toll_cost": 1605,
        "driver_cost": 2895,
        "repair_cost": 855,
        "misc_cost": 452,
        "route_points": ["Ambala", "Stop3", "Panipat"],
        "date": "2024-12-21"
    },
    {
        "region": "East",
        "route_id": "R009",
        "distance_km": 261,
        "vehicle_type": "Truck-Large",
        "revenue": 10120,
        "fuel_cost": 4822,
        "toll_cost": 1206,
        "driver_cost": 2468,
        "repair_cost": 734,
        "misc_cost": 298,
        "route_points": ["Kolkata", "Stop2", "Patna"],
        "date": "2025-03-19"
    },
    {
        "region": "South",
        "route_id": "R010",
        "distance_km": 189,
        "vehicle_type": "Van-Large",
        "revenue": 6500,
        "fuel_cost": 3100,
        "toll_cost": 900,
        "driver_cost": 1850,
        "repair_cost": 612,
        "misc_cost": 233,
        "route_points": ["Madurai", "Stop1", "Tirunelveli"],
        "date": "2025-05-02"
    },
    {
        "region": "North",
        "route_id": "R011",
        "distance_km": 415,
        "vehicle_type": "Truck-Large",
        "revenue": 18500,
        "fuel_cost": 6200,
        "toll_cost": 2200,
        "driver_cost": 3300,
        "repair_cost": 900,
        "misc_cost": 540,
        "route_points": ["Delhi", "Stop4", "Lucknow"],
        "date": "2025-09-11"
    },
    {
        "region": "West",
        "route_id": "R012",
        "distance_km": 132,
        "vehicle_type": "Van-Small",
        "revenue": 4200,
        "fuel_cost": 1900,
        "toll_cost": 450,
        "driver_cost": 1200,
        "repair_cost": 230,
        "misc_cost": 115,
        "route_points": ["Surat", "Stop3", "Vadodara"],
        "date": "2025-04-04"
    },
    {
        "region": "South",
        "route_id": "R013",
        "distance_km": 360,
        "vehicle_type": "Truck-Medium",
        "revenue": 14000,
        "fuel_cost": 5800,
        "toll_cost": 1500,
        "driver_cost": 2600,
        "repair_cost": 700,
        "misc_cost": 300,
        "route_points": ["Bangalore", "Stop2", "Hyderabad"],
        "date": "2025-01-19"
    },
    {
        "region": "East",
        "route_id": "R014",
        "distance_km": 178,
        "vehicle_type": "Van-Medium",
        "revenue": 6700,
        "fuel_cost": 2500,
        "toll_cost": 700,
        "driver_cost": 1600,
        "repair_cost": 400,
        "misc_cost": 220,
        "route_points": ["Asansol", "Stop1", "Ranchi"],
        "date": "2025-06-22"
    },
    {
        "region": "South",
        "route_id": "R015",
        "distance_km": 298,
        "vehicle_type": "Truck-Large",
        "revenue": 11000,
        "fuel_cost": 5400,
        "toll_cost": 1700,
        "driver_cost": 2400,
        "repair_cost": 920,
        "misc_cost": 350,
        "route_points": ["Mysore", "Stop3", "Mangalore"],
        "date": "2025-07-08"
    },
    {
        "region": "North",
        "route_id": "R016",
        "distance_km": 250,
        "vehicle_type": "Van-Large",
        "revenue": 7000,
        "fuel_cost": 2600,
        "toll_cost": 1100,
        "driver_cost": 2000,
        "repair_cost": 450,
        "misc_cost": 180,
        "route_points": ["Agra", "Stop2", "Gwalior"],
        "date": "2025-03-28"
    },
    {
        "region": "East",
        "route_id": "R017",
        "distance_km": 300,
        "vehicle_type": "Truck-Medium",
        "revenue": 13200,
        "fuel_cost": 5000,
        "toll_cost": 1500,
        "driver_cost": 2600,
        "repair_cost": 800,
        "misc_cost": 350,
        "route_points": ["Guwahati", "Stop2", "Shillong"],
        "date": "2025-10-05"
    },
    {
        "region": "South",
        "route_id": "R018",
        "distance_km": 112,
        "vehicle_type": "Van-Small",
        "revenue": 3100,
        "fuel_cost": 1500,
        "toll_cost": 320,
        "driver_cost": 950,
        "repair_cost": 150,
        "misc_cost": 90,
        "route_points": ["Kochi", "Stop1", "Thrissur"],
        "date": "2025-02-26"
    },
    {
        "region": "West",
        "route_id": "R019",
        "distance_km": 380,
        "vehicle_type": "Truck-Large",
        "revenue": 14600,
        "fuel_cost": 6100,
        "toll_cost": 2300,
        "driver_cost": 3100,
        "repair_cost": 960,
        "misc_cost": 410,
        "route_points": ["Indore", "Stop4", "Ahmedabad"],
        "date": "2025-06-18"
    },
    {
        "region": "North",
        "route_id": "R020",
        "distance_km": 165,
        "vehicle_type": "Van-Medium",
        "revenue": 5200,
        "fuel_cost": 2400,
        "toll_cost": 680,
        "driver_cost": 1200,
        "repair_cost": 300,
        "misc_cost": 140,
        "route_points": ["Jaipur", "Stop0", "Ajmer"],
        "date": "2025-04-12"
    },
    {
        "region": "South",
        "route_id": "R021",
        "distance_km": 444,
        "vehicle_type": "Truck-Large",
        "revenue": 14258,
        "fuel_cost": 4588,
        "toll_cost": 903,
        "driver_cost": 1124,
        "repair_cost": 612,
        "misc_cost": 472,
        "route_points": ["Ahmedabad", "Stop1", "Jaipur"],
        "date": "2025-10-12"
    },
    {
        "region": "North",
        "route_id": "R022",
        "distance_km": 329,
        "vehicle_type": "Van-Small",
        "revenue": 15635,
        "fuel_cost": 6119,
        "toll_cost": 2228,
        "driver_cost": 1375,
        "repair_cost": 485,
        "misc_cost": 336,
        "route_points": ["Panipat", "Stop2", "Ambala"],
        "date": "2025-10-29"
    },
    {
        "region": "West",
        "route_id": "R023",
        "distance_km": 433,
        "vehicle_type": "Truck-Large",
        "revenue": 14229,
        "fuel_cost": 5033,
        "toll_cost": 560,
        "driver_cost": 2984,
        "repair_cost": 295,
        "misc_cost": 485,
        "route_points": ["Jaipur", "Stop3", "Mumbai"],
        "date": "2025-09-12"
    },
    {
        "region": "West",
        "route_id": "R024",
        "distance_km": 305,
        "vehicle_type": "Truck-Medium",
        "revenue": 15887,
        "fuel_cost": 7091,
        "toll_cost": 1174,
        "driver_cost": 1776,
        "repair_cost": 202,
        "misc_cost": 299,
        "route_points": ["Ahmedabad", "Stop4", "Jaipur"],
        "date": "2025-04-18"
    },
    {
        "region": "East",
        "route_id": "R025",
        "distance_km": 197,
        "vehicle_type": "Truck-Medium",
        "revenue": 17965,
        "fuel_cost": 3053,
        "toll_cost": 1391,
        "driver_cost": 2983,
        "repair_cost": 259,
        "misc_cost": 396,
        "route_points": ["Siliguri", "Stop0", "Bhubaneswar"],
        "date": "2025-11-05"
    },
    {
        "region": "South",
        "route_id": "R026",
        "distance_km": 165,
        "vehicle_type": "Van-Small",
        "revenue": 7200,
        "fuel_cost": 2100,
        "toll_cost": 360,
        "driver_cost": 1600,
        "repair_cost": 320,
        "misc_cost": 220,
        "route_points": ["Chennai", "Stop2", "Madurai"],
        "date": "2025-03-11"
    },
    {
        "region": "North",
        "route_id": "R027",
        "distance_km": 390,
        "vehicle_type": "Truck-Large",
        "revenue": 11500,
        "fuel_cost": 5300,
        "toll_cost": 1100,
        "driver_cost": 3100,
        "repair_cost": 700,
        "misc_cost": 250,
        "route_points": ["Delhi", "Stop1", "Chandigarh"],
        "date": "2025-04-14"
    },
    {
        "region": "West",
        "route_id": "R028",
        "distance_km": 210,
        "vehicle_type": "Van-Large",
        "revenue": 6400,
        "fuel_cost": 2800,
        "toll_cost": 980,
        "driver_cost": 1600,
        "repair_cost": 450,
        "misc_cost": 260,
        "route_points": ["Mumbai", "Stop3", "Surat"],
        "date": "2025-06-19"
    },
    {
        "region": "East",
        "route_id": "R029",
        "distance_km": 295,
        "vehicle_type": "Truck-Medium",
        "revenue": 10400,
        "fuel_cost": 4200,
        "toll_cost": 750,
        "driver_cost": 2250,
        "repair_cost": 510,
        "misc_cost": 330,
        "route_points": ["Kolkata", "Stop0", "Ranchi"],
        "date": "2025-05-17"
    },
    {
        "region": "North",
        "route_id": "R030",
        "distance_km": 180,
        "vehicle_type": "Van-Small",
        "revenue": 5100,
        "fuel_cost": 2300,
        "toll_cost": 300,
        "driver_cost": 1300,
        "repair_cost": 290,
        "misc_cost": 160,
        "route_points": ["Jaipur", "Stop4", "Agra"],
        "date": "2025-03-29"
    },
    {
        "region": "West",
        "route_id": "R031",
        "distance_km": 420,
        "vehicle_type": "Truck-Large",
        "revenue": 15000,
        "fuel_cost": 8900,
        "toll_cost": 1400,
        "driver_cost": 3400,
        "repair_cost": 900,
        "misc_cost": 300,
        "route_points": ["Pune", "Stop2", "Ahmedabad"],
        "date": "2025-05-22"
    },
    {
        "region": "South",
        "route_id": "R032",
        "distance_km": 260,
        "vehicle_type": "Van-Medium",
        "revenue": 8300,
        "fuel_cost": 3600,
        "toll_cost": 550,
        "driver_cost": 2100,
        "repair_cost": 400,
        "misc_cost": 260,
        "route_points": ["Bangalore", "Stop1", "Mysore"],
        "date": "2025-08-05"
    },
    {
        "region": "East",
        "route_id": "R033",
        "distance_km": 340,
        "vehicle_type": "Truck-Medium",
        "revenue": 9600,
        "fuel_cost": 4900,
        "toll_cost": 870,
        "driver_cost": 2600,
        "repair_cost": 570,
        "misc_cost": 310,
        "route_points": ["Guwahati", "Stop3", "Shillong"],
        "date": "2025-07-18"
    },
    {
        "region": "North",
        "route_id": "R034",
        "distance_km": 122,
        "vehicle_type": "Van-Small",
        "revenue": 3800,
        "fuel_cost": 1200,
        "toll_cost": 200,
        "driver_cost": 1000,
        "repair_cost": 150,
        "misc_cost": 130,
        "route_points": ["Lucknow", "Stop2", "Kanpur"],
        "date": "2025-02-25"
    },
    {
        "region": "East",
        "route_id": "R035",
        "distance_km": 415,
        "vehicle_type": "Truck-Large",
        "revenue": 12800,
        "fuel_cost": 7700,
        "toll_cost": 980,
        "driver_cost": 3600,
        "repair_cost": 840,
        "misc_cost": 350,
        "route_points": ["Bhubaneswar", "Stop3", "Kharagpur"],
        "date": "2025-09-14"
    },
    {
        "region": "South",
        "route_id": "R036",
        "distance_km": 245,
        "vehicle_type": "Van-Medium",
        "revenue": 6900,
        "fuel_cost": 3300,
        "toll_cost": 420,
        "driver_cost": 1800,
        "repair_cost": 310,
        "misc_cost": 170,
        "route_points": ["Hyderabad", "Stop1", "Vijayawada"],
        "date": "2025-03-30"
    },
    {
        "region": "West",
        "route_id": "R037",
        "distance_km": 380,
        "vehicle_type": "Truck-Medium",
        "revenue": 10000,
        "fuel_cost": 5200,
        "toll_cost": 1020,
        "driver_cost": 2900,
        "repair_cost": 650,
        "misc_cost": 310,
        "route_points": ["Surat", "Stop4", "Indore"],
        "date": "2025-06-27"
    },
    {
        "region": "North",
        "route_id": "R038",
        "distance_km": 155,
        "vehicle_type": "Van-Large",
        "revenue": 5400,
        "fuel_cost": 2500,
        "toll_cost": 310,
        "driver_cost": 1400,
        "repair_cost": 340,
        "misc_cost": 170,
        "route_points": ["Amritsar", "Stop1", "Jalandhar"],
        "date": "2025-04-08"
    },
    {
        "region": "South",
        "route_id": "R039",
        "distance_km": 500,
        "vehicle_type": "Truck-Large",
        "revenue": 15500,
        "fuel_cost": 9400,
        "toll_cost": 1320,
        "driver_cost": 3500,
        "repair_cost": 900,
        "misc_cost": 280,
        "route_points": ["Kochi", "Stop0", "Chennai"],
        "date": "2025-08-22"
    },
    {
        "region": "West",
        "route_id": "R040",
        "distance_km": 190,
        "vehicle_type": "Van-Small",
        "revenue": 4500,
        "fuel_cost": 2100,
        "toll_cost": 350,
        "driver_cost": 1200,
        "repair_cost": 310,
        "misc_cost": 180,
        "route_points": ["Nashik", "Stop3", "Mumbai"],
        "date": "2025-03-14"
    },
    {
        "region": "North",
        "route_id": "R041",
        "distance_km": 300,
        "vehicle_type": "Truck-Medium",
        "revenue": 9500,
        "fuel_cost": 4700,
        "toll_cost": 880,
        "driver_cost": 2300,
        "repair_cost": 540,
        "misc_cost": 300,
        "route_points": ["Delhi", "Stop2", "Jaipur"],
        "date": "2025-01-27"
    },
    {
        "region": "East",
        "route_id": "R042",
        "distance_km": 260,
        "vehicle_type": "Van-Large",
        "revenue": 7000,
        "fuel_cost": 3300,
        "toll_cost": 620,
        "driver_cost": 1850,
        "repair_cost": 450,
        "misc_cost": 260,
        "route_points": ["Patna", "Stop1", "Gaya"],
        "date": "2025-02-15"
    },
    {
        "region": "South",
        "route_id": "R043",
        "distance_km": 350,
        "vehicle_type": "Truck-Medium",
        "revenue": 11200,
        "fuel_cost": 5400,
        "toll_cost": 700,
        "driver_cost": 2600,
        "repair_cost": 480,
        "misc_cost": 270,
        "route_points": ["Mangalore", "Stop4", "Bangalore"],
        "date": "2025-06-05"
    },
    {
        "region": "West",
        "route_id": "R044",
        "distance_km": 275,
        "vehicle_type": "Van-Medium",
        "revenue": 6200,
        "fuel_cost": 3400,
        "toll_cost": 520,
        "driver_cost": 1900,
        "repair_cost": 410,
        "misc_cost": 220,
        "route_points": ["Rajkot", "Stop3", "Ahmedabad"],
        "date": "2025-04-11"
    },
    {
        "region": "East",
        "route_id": "R045",
        "distance_km": 415,
        "vehicle_type": "Truck-Large",
        "revenue": 13000,
        "fuel_cost": 8500,
        "toll_cost": 1050,
        "driver_cost": 3100,
        "repair_cost": 650,
        "misc_cost": 290,
        "route_points": ["Kolkata", "Stop2", "Siliguri"],
        "date": "2025-05-21"
    },
    {
        "region": "North",
        "route_id": "R046",
        "distance_km": 138,
        "vehicle_type": "Van-Small",
        "revenue": 3900,
        "fuel_cost": 1500,
        "toll_cost": 180,
        "driver_cost": 1100,
        "repair_cost": 140,
        "misc_cost": 130,
        "route_points": ["Agra", "Stop1", "Mathura"],
        "date": "2025-07-02"
    },
    {
        "region": "West",
        "route_id": "R047",
        "distance_km": 320,
        "vehicle_type": "Truck-Medium",
        "revenue": 10500,
        "fuel_cost": 5100,
        "toll_cost": 900,
        "driver_cost": 2500,
        "repair_cost": 600,
        "misc_cost": 310,
        "route_points": ["Nagpur", "Stop4", "Pune"],
        "date": "2025-09-10"
    },
    {
        "region": "South",
        "route_id": "R048",
        "distance_km": 260,
        "vehicle_type": "Van-Large",
        "revenue": 7300,
        "fuel_cost": 3550,
        "toll_cost": 530,
        "driver_cost": 2100,
        "repair_cost": 420,
        "misc_cost": 250,
        "route_points": ["Coimbatore", "Stop2", "Kochi"],
        "date": "2025-03-08"
    },
    {
        "region": "East",
        "route_id": "R049",
        "distance_km": 305,
        "vehicle_type": "Truck-Medium",
        "revenue": 8800,
        "fuel_cost": 4700,
        "toll_cost": 760,
        "driver_cost": 2200,
        "repair_cost": 500,
        "misc_cost": 280,
        "route_points": ["Jamshedpur", "Stop1", "Kolkata"],
        "date": "2025-05-03"
    },
    {
        "region": "North",
        "route_id": "R050",
        "distance_km": 180,
        "vehicle_type": "Van-Medium",
        "revenue": 5600,
        "fuel_cost": 2400,
        "toll_cost": 350,
        "driver_cost": 1500,
        "repair_cost": 330,
        "misc_cost": 160,
        "route_points": ["Shimla", "Stop0", "Chandigarh"],
        "date": "2025-01-19"
    },
    {
        "region": "North",
        "route_id": "R051",
        "distance_km": 465,
        "vehicle_type": "Truck-Large",
        "revenue": 20878,
        "fuel_cost": 7207,
        "toll_cost": 1460,
        "driver_cost": 1556,
        "repair_cost": 543,
        "misc_cost": 263,
        "route_points": ["Karnal", "Stop1", "Jaipur"],
        "date": "2025-10-26"
    },
    {
        "region": "North",
        "route_id": "R052",
        "distance_km": 455,
        "vehicle_type": "Van-Medium",
        "revenue": 18323,
        "fuel_cost": 8463,
        "toll_cost": 1376,
        "driver_cost": 1131,
        "repair_cost": 624,
        "misc_cost": 308,
        "route_points": ["Panipat", "Stop2", "Ambala"],
        "date": "2025-03-04"
    },
    {
        "region": "West",
        "route_id": "R053",
        "distance_km": 315,
        "vehicle_type": "Truck-Medium",
        "revenue": 18268,
        "fuel_cost": 4185,
        "toll_cost": 2892,
        "driver_cost": 2937,
        "repair_cost": 912,
        "misc_cost": 110,
        "route_points": ["Ahmedabad", "Stop3", "Mumbai"],
        "date": "2025-04-06"
    },
    {
        "region": "South",
        "route_id": "R054",
        "distance_km": 314,
        "vehicle_type": "Van-Medium",
        "revenue": 19052,
        "fuel_cost": 3650,
        "toll_cost": 2736,
        "driver_cost": 2638,
        "repair_cost": 817,
        "misc_cost": 212,
        "route_points": ["Coimbatore", "Stop4", "Salem"],
        "date": "2025-08-16"
    },
    {
        "region": "East",
        "route_id": "R055",
        "distance_km": 299,
        "vehicle_type": "Truck-Large",
        "revenue": 13072,
        "fuel_cost": 4634,
        "toll_cost": 2156,
        "driver_cost": 2483,
        "repair_cost": 369,
        "misc_cost": 339,
        "route_points": ["Siliguri", "Stop0", "Bhubaneswar"],
        "date": "2025-01-22"
    },
    {
        "region": "South",
        "route_id": "R056",
        "distance_km": 429,
        "vehicle_type": "Truck-Large",
        "revenue": 12217,
        "fuel_cost": 5699,
        "toll_cost": 1055,
        "driver_cost": 2775,
        "repair_cost": 672,
        "misc_cost": 193,
        "route_points": ["Erode", "Stop1", "Chennai"],
        "date": "2025-07-26"
    },
    {
        "region": "West",
        "route_id": "R057",
        "distance_km": 267,
        "vehicle_type": "Van-Medium",
        "revenue": 14177,
        "fuel_cost": 4138,
        "toll_cost": 2052,
        "driver_cost": 1569,
        "repair_cost": 970,
        "misc_cost": 315,
        "route_points": ["Satara", "Stop2", "Pune"],
        "date": "2025-10-26"
    },
    {
        "region": "West",
        "route_id": "R058",
        "distance_km": 214,
        "vehicle_type": "Van-Large",
        "revenue": 8086,
        "fuel_cost": 2211,
        "toll_cost": 781,
        "driver_cost": 2599,
        "repair_cost": 867,
        "misc_cost": 120,
        "route_points": ["Mumbai", "Stop3", "Jaipur"],
        "date": "2025-08-02"
    },
    {
        "region": "North",
        "route_id": "R059",
        "distance_km": 164,
        "vehicle_type": "Truck-Medium",
        "revenue": 11260,
        "fuel_cost": 2178,
        "toll_cost": 968,
        "driver_cost": 2155,
        "repair_cost": 423,
        "misc_cost": 338,
        "route_points": ["Delhi", "Stop4", "Panipat"],
        "date": "2025-06-01"
    },
    {
        "region": "North",
        "route_id": "R060",
        "distance_km": 259,
        "vehicle_type": "Truck-Medium",
        "revenue": 18005,
        "fuel_cost": 6021,
        "toll_cost": 2870,
        "driver_cost": 1052,
        "repair_cost": 519,
        "misc_cost": 394,
        "route_points": ["Ambala", "Stop0", "Delhi"],
        "date": "2025-05-17"
    },
    {
        "region": "North",
        "route_id": "R061",
        "distance_km": 456,
        "vehicle_type": "Truck-Large",
        "revenue": 13006,
        "fuel_cost": 4240,
        "toll_cost": 1735,
        "driver_cost": 2741,
        "repair_cost": 900,
        "misc_cost": 407,
        "route_points": ["Delhi", "Stop1", "Panipat"],
        "date": "2025-02-20"
    },
    {
        "region": "South",
        "route_id": "R062",
        "distance_km": 135,
        "vehicle_type": "Van-Large",
        "revenue": 8200,
        "fuel_cost": 1569,
        "toll_cost": 1897,
        "driver_cost": 1025,
        "repair_cost": 630,
        "misc_cost": 350,
        "route_points": ["Coimbatore", "Stop2", "Erode"],
        "date": "2025-04-29"
    },
    {
        "region": "East",
        "route_id": "R063",
        "distance_km": 190,
        "vehicle_type": "Van-Medium",
        "revenue": 18498,
        "fuel_cost": 1963,
        "toll_cost": 2637,
        "driver_cost": 2977,
        "repair_cost": 866,
        "misc_cost": 238,
        "route_points": ["Siliguri", "Stop3", "Durgapur"],
        "date": "2025-04-03"
    },
    {
        "region": "West",
        "route_id": "R064",
        "distance_km": 225,
        "vehicle_type": "Van-Large",
        "revenue": 14015,
        "fuel_cost": 2092,
        "toll_cost": 854,
        "driver_cost": 1571,
        "repair_cost": 661,
        "misc_cost": 224,
        "route_points": ["Ahmedabad", "Stop4", "Satara"],
        "date": "2025-02-18"
    },
    {
        "region": "West",
        "route_id": "R065",
        "distance_km": 266,
        "vehicle_type": "Van-Medium",
        "revenue": 16249,
        "fuel_cost": 4947,
        "toll_cost": 2497,
        "driver_cost": 1434,
        "repair_cost": 563,
        "misc_cost": 232,
        "route_points": ["Satara", "Stop0", "Mumbai"],
        "date": "2025-07-16"
    },
    {
        "region": "East",
        "route_id": "R066",
        "distance_km": 197,
        "vehicle_type": "Van-Small",
        "revenue": 14445,
        "fuel_cost": 4580,
        "toll_cost": 1488,
        "driver_cost": 2474,
        "repair_cost": 616,
        "misc_cost": 350,
        "route_points": ["Bhubaneswar", "Stop1", "Kolkata"],
        "date": "2024-12-18"
    },
    {
        "region": "West",
        "route_id": "R067",
        "distance_km": 147,
        "vehicle_type": "Truck-Large",
        "revenue": 12661,
        "fuel_cost": 2278,
        "toll_cost": 1407,
        "driver_cost": 1828,
        "repair_cost": 908,
        "misc_cost": 224,
        "route_points": ["Ahmedabad", "Stop2", "Jaipur"],
        "date": "2025-01-01"
    },
    {
        "region": "East",
        "route_id": "R068",
        "distance_km": 481,
        "vehicle_type": "Van-Medium",
        "revenue": 15854,
        "fuel_cost": 5591,
        "toll_cost": 1854,
        "driver_cost": 1720,
        "repair_cost": 919,
        "misc_cost": 332,
        "route_points": ["Siliguri", "Stop3", "Asansol"],
        "date": "2025-07-03"
    },
    {
        "region": "East",
        "route_id": "R069",
        "distance_km": 261,
        "vehicle_type": "Truck-Medium",
        "revenue": 17175,
        "fuel_cost": 6068,
        "toll_cost": 2694,
        "driver_cost": 2947,
        "repair_cost": 980,
        "misc_cost": 453,
        "route_points": ["Durgapur", "Stop4", "Kolkata"],
        "date": "2025-08-30"
    },
    {
        "region": "North",
        "route_id": "R070",
        "distance_km": 489,
        "vehicle_type": "Van-Small",
        "revenue": 16561,
        "fuel_cost": 5684,
        "toll_cost": 2944,
        "driver_cost": 1579,
        "repair_cost": 302,
        "misc_cost": 199,
        "route_points": ["Jaipur", "Stop0", "Karnal"],
        "date": "2025-08-12"
    },
    {
        "region": "East",
        "route_id": "R071",
        "distance_km": 462,
        "vehicle_type": "Truck-Large",
        "revenue": 14108,
        "fuel_cost": 5370,
        "toll_cost": 1018,
        "driver_cost": 1561,
        "repair_cost": 246,
        "misc_cost": 127,
        "route_points": ["Durgapur", "Stop1", "Asansol"],
        "date": "2024-12-14"
    },
    {
        "region": "North",
        "route_id": "R072",
        "distance_km": 393,
        "vehicle_type": "Truck-Large",
        "revenue": 15438,
        "fuel_cost": 6091,
        "toll_cost": 2422,
        "driver_cost": 1980,
        "repair_cost": 651,
        "misc_cost": 274,
        "route_points": ["Jaipur", "Stop2", "Delhi"],
        "date": "2025-11-10"
    },
    {
        "region": "East",
        "route_id": "R073",
        "distance_km": 305,
        "vehicle_type": "Truck-Large",
        "revenue": 10209,
        "fuel_cost": 4052,
        "toll_cost": 803,
        "driver_cost": 2181,
        "repair_cost": 844,
        "misc_cost": 451,
        "route_points": ["Siliguri", "Stop3", "Kolkata"],
        "date": "2025-09-20"
    },
    {
        "region": "North",
        "route_id": "R074",
        "distance_km": 227,
        "vehicle_type": "Truck-Large",
        "revenue": 16360,
        "fuel_cost": 5277,
        "toll_cost": 2785,
        "driver_cost": 2565,
        "repair_cost": 626,
        "misc_cost": 410,
        "route_points": ["Ambala", "Stop4", "Karnal"],
        "date": "2025-03-14"
    },
    {
        "region": "West",
        "route_id": "R075",
        "distance_km": 401,
        "vehicle_type": "Van-Large",
        "revenue": 12831,
        "fuel_cost": 5327,
        "toll_cost": 1750,
        "driver_cost": 2164,
        "repair_cost": 835,
        "misc_cost": 130,
        "route_points": ["Ahmedabad", "Stop0", "Jaipur"],
        "date": "2025-08-22"
    },
    {
        "region": "North",
        "route_id": "R076",
        "distance_km": 222,
        "vehicle_type": "Truck-Medium",
        "revenue": 16196,
        "fuel_cost": 4129,
        "toll_cost": 2760,
        "driver_cost": 1153,
        "repair_cost": 360,
        "misc_cost": 101,
        "route_points": ["Karnal", "Stop1", "Delhi"],
        "date": "2025-04-20"
    },
    {
        "region": "West",
        "route_id": "R077",
        "distance_km": 247,
        "vehicle_type": "Truck-Medium",
        "revenue": 12273,
        "fuel_cost": 2552,
        "toll_cost": 1658,
        "driver_cost": 2439,
        "repair_cost": 664,
        "misc_cost": 136,
        "route_points": ["Satara", "Stop2", "Mumbai"],
        "date": "2025-07-24"
    },
    {
        "region": "North",
        "route_id": "R078",
        "distance_km": 215,
        "vehicle_type": "Van-Small",
        "revenue": 9004,
        "fuel_cost": 2221,
        "toll_cost": 1110,
        "driver_cost": 2860,
        "repair_cost": 472,
        "misc_cost": 172,
        "route_points": ["Jaipur", "Stop3", "Delhi"],
        "date": "2025-11-06"
    },
    {
        "region": "North",
        "route_id": "R079",
        "distance_km": 163,
        "vehicle_type": "Van-Medium",
        "revenue": 16393,
        "fuel_cost": 2165,
        "toll_cost": 1745,
        "driver_cost": 2433,
        "repair_cost": 612,
        "misc_cost": 239,
        "route_points": ["Karnal", "Stop4", "Ambala"],
        "date": "2025-03-05"
    },
    {
        "region": "West",
        "route_id": "R080",
        "distance_km": 120,
        "vehicle_type": "Van-Small",
        "revenue": 8715,
        "fuel_cost": 1594,
        "toll_cost": 1820,
        "driver_cost": 2236,
        "repair_cost": 456,
        "misc_cost": 113,
        "route_points": ["Ahmedabad", "Stop0", "Mumbai"],
        "date": "2025-08-11"
    },
    {
        "region": "South",
        "route_id": "R081",
        "distance_km": 340,
        "vehicle_type": "Truck-Medium",
        "revenue": 17956,
        "fuel_cost": 3952,
        "toll_cost": 2311,
        "driver_cost": 2876,
        "repair_cost": 484,
        "misc_cost": 192,
        "route_points": ["Coimbatore", "Stop1", "Chennai"],
        "date": "2025-01-15"
    },
    {
        "region": "West",
        "route_id": "R082",
        "distance_km": 309,
        "vehicle_type": "Van-Large",
        "revenue": 15868,
        "fuel_cost": 4789,
        "toll_cost": 1815,
        "driver_cost": 2372,
        "repair_cost": 307,
        "misc_cost": 182,
        "route_points": ["Mumbai", "Stop2", "Ahmedabad"],
        "date": "2025-05-10"
    },
    {
        "region": "West",
        "route_id": "R083",
        "distance_km": 118,
        "vehicle_type": "Van-Small",
        "revenue": 7693,
        "fuel_cost": 1567,
        "toll_cost": 860,
        "driver_cost": 1644,
        "repair_cost": 458,
        "misc_cost": 265,
        "route_points": ["Satara", "Stop3", "Ahmedabad"],
        "date": "2025-05-14"
    },
    {
        "region": "South",
        "route_id": "R084",
        "distance_km": 127,
        "vehicle_type": "Van-Medium",
        "revenue": 17216,
        "fuel_cost": 2362,
        "toll_cost": 2623,
        "driver_cost": 1740,
        "repair_cost": 837,
        "misc_cost": 487,
        "route_points": ["Salem", "Stop4", "Erode"],
        "date": "2025-01-20"
    },
    {
        "region": "West",
        "route_id": "R085",
        "distance_km": 381,
        "vehicle_type": "Van-Large",
        "revenue": 14914,
        "fuel_cost": 7086,
        "toll_cost": 1679,
        "driver_cost": 1897,
        "repair_cost": 915,
        "misc_cost": 348,
        "route_points": ["Mumbai", "Stop0", "Pune"],
        "date": "2025-11-22"
    },
    {
        "region": "North",
        "route_id": "R086",
        "distance_km": 107,
        "vehicle_type": "Van-Small",
        "revenue": 13752,
        "fuel_cost": 1243,
        "toll_cost": 2171,
        "driver_cost": 1190,
        "repair_cost": 430,
        "misc_cost": 158,
        "route_points": ["Panipat", "Stop1", "Karnal"],
        "date": "2025-10-07"
    },
    {
        "region": "North",
        "route_id": "R087",
        "distance_km": 461,
        "vehicle_type": "Van-Small",
        "revenue": 18083,
        "fuel_cost": 7145,
        "toll_cost": 2201,
        "driver_cost": 2709,
        "repair_cost": 694,
        "misc_cost": 341,
        "route_points": ["Jaipur", "Stop2", "Karnal"],
        "date": "2025-04-17"
    },
    {
        "region": "North",
        "route_id": "R088",
        "distance_km": 360,
        "vehicle_type": "Van-Small",
        "revenue": 15858,
        "fuel_cost": 3720,
        "toll_cost": 1059,
        "driver_cost": 2769,
        "repair_cost": 271,
        "misc_cost": 241,
        "route_points": ["Jaipur", "Stop3", "Panipat"],
        "date": "2025-06-15"
    },
    {
        "region": "East",
        "route_id": "R089",
        "distance_km": 400,
        "vehicle_type": "Van-Large",
        "revenue": 20431,
        "fuel_cost": 4650,
        "toll_cost": 2505,
        "driver_cost": 2772,
        "repair_cost": 352,
        "misc_cost": 328,
        "route_points": ["Kolkata", "Stop4", "Asansol"],
        "date": "2025-04-03"
    },
    {
        "region": "East",
        "route_id": "R090",
        "distance_km": 264,
        "vehicle_type": "Van-Medium",
        "revenue": 14265,
        "fuel_cost": 2455,
        "toll_cost": 1272,
        "driver_cost": 2428,
        "repair_cost": 444,
        "misc_cost": 392,
        "route_points": ["Asansol", "Stop0", "Siliguri"],
        "date": "2025-08-09"
    },
    {
        "region": "West",
        "route_id": "R091",
        "distance_km": 461,
        "vehicle_type": "Van-Medium",
        "revenue": 12942,
        "fuel_cost": 4287,
        "toll_cost": 2061,
        "driver_cost": 1790,
        "repair_cost": 879,
        "misc_cost": 433,
        "route_points": ["Mumbai", "Stop1", "Satara"],
        "date": "2025-03-28"
    },
    {
        "region": "South",
        "route_id": "R092",
        "distance_km": 325,
        "vehicle_type": "Truck-Large",
        "revenue": 17209,
        "fuel_cost": 7556,
        "toll_cost": 2654,
        "driver_cost": 2864,
        "repair_cost": 667,
        "misc_cost": 107,
        "route_points": ["Madurai", "Stop2", "Coimbatore"],
        "date": "2025-05-11"
    },
    {
        "region": "North",
        "route_id": "R093",
        "distance_km": 273,
        "vehicle_type": "Van-Large",
        "revenue": 17923,
        "fuel_cost": 3173,
        "toll_cost": 2128,
        "driver_cost": 2330,
        "repair_cost": 282,
        "misc_cost": 268,
        "route_points": ["Delhi", "Stop3", "Jaipur"],
        "date": "2025-05-26"
    },
    {
        "region": "East",
        "route_id": "R094",
        "distance_km": 135,
        "vehicle_type": "Van-Small",
        "revenue": 14873,
        "fuel_cost": 2511,
        "toll_cost": 1677,
        "driver_cost": 1465,
        "repair_cost": 964,
        "misc_cost": 146,
        "route_points": ["Siliguri", "Stop4", "Kolkata"],
        "date": "2025-10-17"
    },
    {
        "region": "South",
        "route_id": "R095",
        "distance_km": 114,
        "vehicle_type": "Van-Large",
        "revenue": 14488,
        "fuel_cost": 2650,
        "toll_cost": 1828,
        "driver_cost": 2630,
        "repair_cost": 257,
        "misc_cost": 250,
        "route_points": ["Erode", "Stop0", "Madurai"],
        "date": "2025-05-29"
    },
    {
        "region": "West",
        "route_id": "R096",
        "distance_km": 310,
        "vehicle_type": "Van-Small",
        "revenue": 13974,
        "fuel_cost": 3603,
        "toll_cost": 1237,
        "driver_cost": 1348,
        "repair_cost": 379,
        "misc_cost": 140,
        "route_points": ["Pune", "Stop1", "Jaipur"],
        "date": "2025-01-23"
    },
    {
        "region": "North",
        "route_id": "R097",
        "distance_km": 336,
        "vehicle_type": "Truck-Medium",
        "revenue": 9008,
        "fuel_cost": 3472,
        "toll_cost": 1540,
        "driver_cost": 1941,
        "repair_cost": 461,
        "misc_cost": 441,
        "route_points": ["Jaipur", "Stop2", "Panipat"],
        "date": "2025-04-12"
    },
    {
        "region": "East",
        "route_id": "R098",
        "distance_km": 326,
        "vehicle_type": "Truck-Large",
        "revenue": 15839,
        "fuel_cost": 5053,
        "toll_cost": 2906,
        "driver_cost": 1612,
        "repair_cost": 854,
        "misc_cost": 317,
        "route_points": ["Bhubaneswar", "Stop3", "Durgapur"],
        "date": "2025-04-17"
    },
    {
        "region": "East",
        "route_id": "R099",
        "distance_km": 154,
        "vehicle_type": "Van-Medium",
        "revenue": 13905,
        "fuel_cost": 2864,
        "toll_cost": 2062,
        "driver_cost": 2171,
        "repair_cost": 567,
        "misc_cost": 394,
        "route_points": ["Durgapur", "Stop4", "Siliguri"],
        "date": "2024-12-13"
    },
    {
        "region": "East",
        "route_id": "R100",
        "distance_km": 104,
        "vehicle_type": "Van-Large",
        "revenue": 15212,
        "fuel_cost": 1209,
        "toll_cost": 700,
        "driver_cost": 2864,
        "repair_cost": 820,
        "misc_cost": 481,
        "route_points": ["Kolkata", "Stop0", "Siliguri"],
        "date": "2025-07-13"
    }
]
